 @misc{containerization, 
 title={What is containerization?}, url={https://www.redhat.com/en/topics/cloud-native-apps/what-is-containerization}, 
 journal={Red Hat - We make open source technologies for the enterprise}, 
 year={2021}, month={Apr},
 author={RedHat}} 
 
@misc{golang-standards_2022, 
title={Golang-Standards/Project-layout: Standard Go Project Layout}, url={https://github.com/golang-standards/project-layout}, 
publisher={GitHub}, 
author={Golang-Standards},
year={2022}, 
month={May}} 

@misc{docker_2022, 
title={What is a container?}, url={https://www.docker.com/resources/what-container/}, journal={Docker}, publisher={Docker}, year={2022}, month={Apr}} 

@misc{setiawan_2021, 
title={Apa Itu Docker? Apa Kegunaan Dan Kelebihannya?}, url={https://www.dicoding.com/blog/apa-itu-docker/}, journal={Dicoding Blog}, author={Setiawan, Rony}, year={2021}, month={Sep}} 

@misc{vmware_2022, 
title={What is container management?}, url={https://www.vmware.com/topics/glossary/content/container-management.html}, journal={VMware}, year={2022}, month={Jun}} 

@misc{shvets_2014dp, title={What's a design pattern?}, url={https://refactoring.guru/design-patterns/what-is-pattern}, journal={Refactoring.Guru}, publisher={Refactoring.Guru}, author={Shvets, Alexander}, year={2014}} 

@misc{collings_2021, title={Controller-service-repository}, url={https://tom-collings.medium.com/controller-service-repository-16e29a4684e5}, journal={Medium}, publisher={Medium}, author={Collings, Tom}, year={2021}, month={Aug}} 

@misc{shvets_2014st, title={Singleton}, url={https://refactoring.guru/design-patterns/singleton}, journal={Refactoring.Guru}, publisher={Refactoring.Guru}, author={Shvets, Alexander}, year={2014}} 

@misc{chris_2021, title={What is go? Golang programming language meaning explained}, url={https://www.freecodecamp.org/news/what-is-go-programming-language/}, journal={freeCodeCamp.org}, publisher={freeCodeCamp.org}, author={Chris, Kolade}, year={2021}, month={Oct}} 

@misc{chai_2021, title={What is Amazon Simple Storage Service (Amazon S3)? definition from searchaws}, url={https://www.techtarget.com/searchaws/definition/Amazon-Simple-Storage-Service-Amazon-S3}, journal={SearchAWS}, publisher={TechTarget}, author={Chai, Wesley}, year={2021}, month={Oct}} 

@misc{butts_2021, title={What is Amazon kinesis? benefits, use cases and how to get started: Contino: Global transformation consultancy}, url={https://www.contino.io/insights/amazon-kinesis}, journal={Contino}, author={Butts, Josef}, year={2021}, month={Dec}} 

@misc{lugger_2020, title={Anna Lugger}, url={https://sensu.io/blog/what-is-hashicorp-vault-and-how-does-it-work}, journal={Sensu}, publisher={Sensu, Inc.}, author={Lugger, Anna}, year={2020}, month={Aug}} 

@misc{baker_bensky_godhart_2020, title={What is terraform and why is it important}, url={https://www.fairwinds.com/blog/what-is-terraform-and-why-is-it-important}, journal={Fairwinds}, author={Baker, Nate and Bensky, Brian and Godhart, Mary}, year={2020}, month={Jul}} 

@misc{merron_idowu_2020, title={Introduction to kubernetes helm charts}, url={https://www.bmc.com/blogs/kubernetes-helm-charts/}, journal={BMC Blogs}, author={Merron, Dan and Idowu, Toye}, year={2020}, month={Apr}} 

@misc{kubernetes, title={What is kubernetes?}, url={https://www.redhat.com/en/topics/containers/what-is-kubernetes}, journal={Red Hat - We make open source technologies for the enterprise}, publisher={RedHat}, year={2020}, month={May}} 

 @misc{microsoft_2019, title={Microsoft/Helm-web-API: Enabling applications in your kubernetes cluster to programmatically install helm charts and expose them through a single public facing IP}, url={https://github.com/microsoft/helm-web-api}, journal={GitHub}, author={Microsoft}, year={2019}} 
 
  @misc{terraform, title={what is Terraform?}, url={https://www.terraform.io/intro}, journal={Terraform by HashiCorp}, publisher={The Terraform Authors}} 